<?xml version="1.0" encoding="UTF-8"?><collection xmlns="http://www.loc.gov/MARC21/slim"><record><leader>00496nam--2200193-i-4500</leader><controlfield tag="001">000019814</controlfield><controlfield tag="002">20161230</controlfield><controlfield tag="005">20170211160012</controlfield><controlfield tag="008">060222s1000------------r-----000-0-rus-d</controlfield><datafield ind1=" " ind2=" " tag="040"><subfield code="a">IFIN-HH</subfield></datafield><datafield ind1=" " ind2=" " tag="041"><subfield code="a">rus</subfield></datafield><datafield ind1=" " ind2=" " tag="080"><subfield code="a">548.4:538.913</subfield></datafield><datafield ind1="1" ind2=" " tag="100"><subfield code="a">Hannay, N. B</subfield></datafield><datafield ind1="1" ind2="0" tag="245"><subfield code="a">Himia tverdogo tela</subfield><subfield code="c">N.B. Hannay</subfield></datafield><datafield ind1=" " ind2=" " tag="260"><subfield code="a">Moskva</subfield><subfield code="b">Mir</subfield><subfield code="c">1971</subfield></datafield><datafield ind1=" " ind2=" " tag="300"><subfield code="a">223 p</subfield></datafield><datafield ind1="1" ind2=" " tag="500"><subfield code="a">Titlul Original In Limba Engleza: Solid-state Chemistry</subfield></datafield><datafield ind1=" " ind2=" " tag="852"><subfield code="a">35037</subfield><subfield code="c">539.2</subfield></datafield><datafield ind1=" " ind2=" " tag="CAT"><subfield code="a">SYS</subfield><subfield code="c">20170211</subfield><subfield code="h">160012</subfield></datafield></record></collection>